/home/camilo/cms/Tesis/library.bib